%YAML 1.1
%TAG !u! tag:unity3d.com,2011:
--- !u!1 &160361583838670807
GameObject:
  m_ObjectHideFlags: 0
  m_CorrespondingSourceObject: {fileID: 0}
  m_PrefabInstance: {fileID: 0}
  m_PrefabAsset: {fileID: 0}
  serializedVersion: 6
  m_Component:
  - component: {fileID: 4839809052193538841}
  - component: {fileID: 3485556165304989943}
  - component: {fileID: 800928061922151489}
  m_Layer: 0
  m_Name: male_elegantsuit01Mesh
  m_TagString: Untagged
  m_Icon: {fileID: 0}
  m_NavMeshLayer: 0
  m_StaticEditorFlags: 0
  m_IsActive: 1
--- !u!4 &4839809052193538841
Transform:
  m_ObjectHideFlags: 0
  m_CorrespondingSourceObject: {fileID: 0}
  m_PrefabInstance: {fileID: 0}
  m_PrefabAsset: {fileID: 0}
  m_GameObject: {fileID: 160361583838670807}
  m_LocalRotation: {x: 0.7071068, y: 0, z: 0, w: 0.7071067}
  m_LocalPosition: {x: 0.050166246, y: -1.6579273, z: -8.618779}
  m_LocalScale: {x: 3.937008, y: 3.937008, z: 3.937008}
  m_Children: []
  m_Father: {fileID: 6438363175107186419}
  m_RootOrder: 6
  m_LocalEulerAnglesHint: {x: 0, y: 0, z: 0}
--- !u!33 &3485556165304989943
MeshFilter:
  m_ObjectHideFlags: 0
  m_CorrespondingSourceObject: {fileID: 0}
  m_PrefabInstance: {fileID: 0}
  m_PrefabAsset: {fileID: 0}
  m_GameObject: {fileID: 160361583838670807}
  m_Mesh: {fileID: -5234157909461391623, guid: 2dd6149b438c4ba428ad54aa1bafc26d, type: 3}
--- !u!23 &800928061922151489
MeshRenderer:
  m_ObjectHideFlags: 0
  m_CorrespondingSourceObject: {fileID: 0}
  m_PrefabInstance: {fileID: 0}
  m_PrefabAsset: {fileID: 0}
  m_GameObject: {fileID: 160361583838670807}
  m_Enabled: 1
  m_CastShadows: 1
  m_ReceiveShadows: 1
  m_DynamicOccludee: 1
  m_MotionVectors: 1
  m_LightProbeUsage: 1
  m_ReflectionProbeUsage: 1
  m_RayTracingMode: 2
  m_RayTraceProcedural: 0
  m_RenderingLayerMask: 1
  m_RendererPriority: 0
  m_Materials:
  - {fileID: 2100000, guid: e19ab8f5700f4fe4db30f89c8991e7ef, type: 2}
  m_StaticBatchInfo:
    firstSubMesh: 0
    subMeshCount: 0
  m_StaticBatchRoot: {fileID: 0}
  m_ProbeAnchor: {fileID: 0}
  m_LightProbeVolumeOverride: {fileID: 0}
  m_ScaleInLightmap: 1
  m_ReceiveGI: 1
  m_PreserveUVs: 0
  m_IgnoreNormalsForChartDetection: 0
  m_ImportantGI: 0
  m_StitchLightmapSeams: 1
  m_SelectedEditorRenderState: 3
  m_MinimumChartSize: 4
  m_AutoUVMaxDistance: 0.5
  m_AutoUVMaxAngle: 89
  m_LightmapParameters: {fileID: 0}
  m_SortingLayerID: 0
  m_SortingLayer: 0
  m_SortingOrder: 0
  m_AdditionalVertexStreams: {fileID: 0}
--- !u!1 &309492717902125176
GameObject:
  m_ObjectHideFlags: 0
  m_CorrespondingSourceObject: {fileID: 0}
  m_PrefabInstance: {fileID: 0}
  m_PrefabAsset: {fileID: 0}
  serializedVersion: 6
  m_Component:
  - component: {fileID: 8463641431805723877}
  - component: {fileID: 3247292835425127266}
  - component: {fileID: 3859480138192214054}
  m_Layer: 0
  m_Name: malemodelMesh
  m_TagString: Untagged
  m_Icon: {fileID: 0}
  m_NavMeshLayer: 0
  m_StaticEditorFlags: 0
  m_IsActive: 1
--- !u!4 &8463641431805723877
Transform:
  m_ObjectHideFlags: 0
  m_CorrespondingSourceObject: {fileID: 0}
  m_PrefabInstance: {fileID: 0}
  m_PrefabAsset: {fileID: 0}
  m_GameObject: {fileID: 309492717902125176}
  m_LocalRotation: {x: 0.7071068, y: 0, z: 0, w: 0.7071067}
  m_LocalPosition: {x: 0.050166246, y: -1.6579273, z: -8.618779}
  m_LocalScale: {x: 3.937008, y: 3.937008, z: 3.937008}
  m_Children: []
  m_Father: {fileID: 6438363175107186419}
  m_RootOrder: 7
  m_LocalEulerAnglesHint: {x: 0, y: 0, z: 0}
--- !u!33 &3247292835425127266
MeshFilter:
  m_ObjectHideFlags: 0
  m_CorrespondingSourceObject: {fileID: 0}
  m_PrefabInstance: {fileID: 0}
  m_PrefabAsset: {fileID: 0}
  m_GameObject: {fileID: 309492717902125176}
  m_Mesh: {fileID: 1788825310537107174, guid: 2dd6149b438c4ba428ad54aa1bafc26d, type: 3}
--- !u!23 &3859480138192214054
MeshRenderer:
  m_ObjectHideFlags: 0
  m_CorrespondingSourceObject: {fileID: 0}
  m_PrefabInstance: {fileID: 0}
  m_PrefabAsset: {fileID: 0}
  m_GameObject: {fileID: 309492717902125176}
  m_Enabled: 1
  m_CastShadows: 1
  m_ReceiveShadows: 1
  m_DynamicOccludee: 1
  m_MotionVectors: 1
  m_LightProbeUsage: 1
  m_ReflectionProbeUsage: 1
  m_RayTracingMode: 2
  m_RayTraceProcedural: 0
  m_RenderingLayerMask: 1
  m_RendererPriority: 0
  m_Materials:
  - {fileID: 2100000, guid: 2f11322fa6cc17a438a6155c27dbf41a, type: 2}
  m_StaticBatchInfo:
    firstSubMesh: 0
    subMeshCount: 0
  m_StaticBatchRoot: {fileID: 0}
  m_ProbeAnchor: {fileID: 0}
  m_LightProbeVolumeOverride: {fileID: 0}
  m_ScaleInLightmap: 1
  m_ReceiveGI: 1
  m_PreserveUVs: 0
  m_IgnoreNormalsForChartDetection: 0
  m_ImportantGI: 0
  m_StitchLightmapSeams: 1
  m_SelectedEditorRenderState: 3
  m_MinimumChartSize: 4
  m_AutoUVMaxDistance: 0.5
  m_AutoUVMaxAngle: 89
  m_LightmapParameters: {fileID: 0}
  m_SortingLayerID: 0
  m_SortingLayer: 0
  m_SortingOrder: 0
  m_AdditionalVertexStreams: {fileID: 0}
--- !u!1 &363224247357770437
GameObject:
  m_ObjectHideFlags: 0
  m_CorrespondingSourceObject: {fileID: 0}
  m_PrefabInstance: {fileID: 0}
  m_PrefabAsset: {fileID: 0}
  serializedVersion: 6
  m_Component:
  - component: {fileID: 2821854159042073397}
  - component: {fileID: 210929063324566945}
  - component: {fileID: 2985460828999961309}
  m_Layer: 0
  m_Name: low-polyMesh
  m_TagString: Untagged
  m_Icon: {fileID: 0}
  m_NavMeshLayer: 0
  m_StaticEditorFlags: 0
  m_IsActive: 1
--- !u!4 &2821854159042073397
Transform:
  m_ObjectHideFlags: 0
  m_CorrespondingSourceObject: {fileID: 0}
  m_PrefabInstance: {fileID: 0}
  m_PrefabAsset: {fileID: 0}
  m_GameObject: {fileID: 363224247357770437}
  m_LocalRotation: {x: 0.7071068, y: 0, z: 0, w: 0.7071067}
  m_LocalPosition: {x: 0.050166246, y: -1.6579273, z: -8.618779}
  m_LocalScale: {x: 3.937008, y: 3.937008, z: 3.937008}
  m_Children: []
  m_Father: {fileID: 6438363175107186419}
  m_RootOrder: 4
  m_LocalEulerAnglesHint: {x: 0, y: 0, z: 0}
--- !u!33 &210929063324566945
MeshFilter:
  m_ObjectHideFlags: 0
  m_CorrespondingSourceObject: {fileID: 0}
  m_PrefabInstance: {fileID: 0}
  m_PrefabAsset: {fileID: 0}
  m_GameObject: {fileID: 363224247357770437}
  m_Mesh: {fileID: -4623919107825040890, guid: 2dd6149b438c4ba428ad54aa1bafc26d, type: 3}
--- !u!23 &2985460828999961309
MeshRenderer:
  m_ObjectHideFlags: 0
  m_CorrespondingSourceObject: {fileID: 0}
  m_PrefabInstance: {fileID: 0}
  m_PrefabAsset: {fileID: 0}
  m_GameObject: {fileID: 363224247357770437}
  m_Enabled: 1
  m_CastShadows: 1
  m_ReceiveShadows: 1
  m_DynamicOccludee: 1
  m_MotionVectors: 1
  m_LightProbeUsage: 1
  m_ReflectionProbeUsage: 1
  m_RayTracingMode: 2
  m_RayTraceProcedural: 0
  m_RenderingLayerMask: 1
  m_RendererPriority: 0
  m_Materials:
  - {fileID: 2100000, guid: d6d54837fedcfe64b8c4e8ca936e1aa7, type: 2}
  m_StaticBatchInfo:
    firstSubMesh: 0
    subMeshCount: 0
  m_StaticBatchRoot: {fileID: 0}
  m_ProbeAnchor: {fileID: 0}
  m_LightProbeVolumeOverride: {fileID: 0}
  m_ScaleInLightmap: 1
  m_ReceiveGI: 1
  m_PreserveUVs: 0
  m_IgnoreNormalsForChartDetection: 0
  m_ImportantGI: 0
  m_StitchLightmapSeams: 1
  m_SelectedEditorRenderState: 3
  m_MinimumChartSize: 4
  m_AutoUVMaxDistance: 0.5
  m_AutoUVMaxAngle: 89
  m_LightmapParameters: {fileID: 0}
  m_SortingLayerID: 0
  m_SortingLayer: 0
  m_SortingOrder: 0
  m_AdditionalVertexStreams: {fileID: 0}
--- !u!1 &1022863085917893420
GameObject:
  m_ObjectHideFlags: 0
  m_CorrespondingSourceObject: {fileID: 0}
  m_PrefabInstance: {fileID: 0}
  m_PrefabAsset: {fileID: 0}
  serializedVersion: 6
  m_Component:
  - component: {fileID: 5609271006478298794}
  - component: {fileID: 6898741008910298925}
  - component: {fileID: 991433404004893761}
  - component: {fileID: 3265100870545492252}
  m_Layer: 0
  m_Name: HeadCamera
  m_TagString: Untagged
  m_Icon: {fileID: 0}
  m_NavMeshLayer: 0
  m_StaticEditorFlags: 0
  m_IsActive: 0
--- !u!4 &5609271006478298794
Transform:
  m_ObjectHideFlags: 0
  m_CorrespondingSourceObject: {fileID: 0}
  m_PrefabInstance: {fileID: 0}
  m_PrefabAsset: {fileID: 0}
  m_GameObject: {fileID: 1022863085917893420}
  m_LocalRotation: {x: 0.27165374, y: 0.69427216, z: 0.5825634, w: -0.3237444}
  m_LocalPosition: {x: 0.6, y: -6.3, z: 7.3175063}
  m_LocalScale: {x: 0.39999998, y: 0.39999998, z: 0.39999998}
  m_Children: []
  m_Father: {fileID: 6438363175107186419}
  m_RootOrder: 1
  m_LocalEulerAnglesHint: {x: -80, y: 230, z: 0}
--- !u!20 &6898741008910298925
Camera:
  m_ObjectHideFlags: 0
  m_CorrespondingSourceObject: {fileID: 0}
  m_PrefabInstance: {fileID: 0}
  m_PrefabAsset: {fileID: 0}
  m_GameObject: {fileID: 1022863085917893420}
  m_Enabled: 1
  serializedVersion: 2
  m_ClearFlags: 1
  m_BackGroundColor: {r: 0.19215687, g: 0.3019608, b: 0.4745098, a: 0}
  m_projectionMatrixMode: 1
  m_GateFitMode: 2
  m_FOVAxisMode: 0
  m_SensorSize: {x: 36, y: 24}
  m_LensShift: {x: 0, y: 0}
  m_FocalLength: 50
  m_NormalizedViewPortRect:
    serializedVersion: 2
    x: 0
    y: 0
    width: 1
    height: 1
  near clip plane: 0.3
  far clip plane: 1000
  field of view: 60
  orthographic: 0
  orthographic size: 5
  m_Depth: 0
  m_CullingMask:
    serializedVersion: 2
    m_Bits: 4294967295
  m_RenderingPath: -1
  m_TargetTexture: {fileID: 0}
  m_TargetDisplay: 0
  m_TargetEye: 3
  m_HDR: 0
  m_AllowMSAA: 0
  m_AllowDynamicResolution: 0
  m_ForceIntoRT: 0
  m_OcclusionCulling: 1
  m_StereoConvergence: 10
  m_StereoSeparation: 0.022
--- !u!114 &991433404004893761
MonoBehaviour:
  m_ObjectHideFlags: 0
  m_CorrespondingSourceObject: {fileID: 0}
  m_PrefabInstance: {fileID: 0}
  m_PrefabAsset: {fileID: 0}
  m_GameObject: {fileID: 1022863085917893420}
  m_Enabled: 1
  m_EditorHideFlags: 0
  m_Script: {fileID: 11500000, guid: 23c1ce4fb46143f46bc5cb5224c934f6, type: 3}
  m_Name: 
  m_EditorClassIdentifier: 
  m_Version: 7
  m_ObsoleteRenderingPath: 0
  m_ObsoleteFrameSettings:
    overrides: 0
    enableShadow: 0
    enableContactShadows: 0
    enableShadowMask: 0
    enableSSR: 0
    enableSSAO: 0
    enableSubsurfaceScattering: 0
    enableTransmission: 0
    enableAtmosphericScattering: 0
    enableVolumetrics: 0
    enableReprojectionForVolumetrics: 0
    enableLightLayers: 0
    enableExposureControl: 1
    diffuseGlobalDimmer: 0
    specularGlobalDimmer: 0
    shaderLitMode: 0
    enableDepthPrepassWithDeferredRendering: 0
    enableTransparentPrepass: 0
    enableMotionVectors: 0
    enableObjectMotionVectors: 0
    enableDecals: 0
    enableRoughRefraction: 0
    enableTransparentPostpass: 0
    enableDistortion: 0
    enablePostprocess: 0
    enableOpaqueObjects: 0
    enableTransparentObjects: 0
    enableRealtimePlanarReflection: 0
    enableMSAA: 0
    enableAsyncCompute: 0
    runLightListAsync: 0
    runSSRAsync: 0
    runSSAOAsync: 0
    runContactShadowsAsync: 0
    runVolumeVoxelizationAsync: 0
    lightLoopSettings:
      overrides: 0
      enableDeferredTileAndCluster: 0
      enableComputeLightEvaluation: 0
      enableComputeLightVariants: 0
      enableComputeMaterialVariants: 0
      enableFptlForForwardOpaque: 0
      enableBigTilePrepass: 0
      isFptlEnabled: 0
  clearColorMode: 0
  backgroundColorHDR: {r: 0.025, g: 0.07, b: 0.19, a: 0}
  clearDepth: 1
  volumeLayerMask:
    serializedVersion: 2
    m_Bits: 1
  volumeAnchorOverride: {fileID: 0}
  antialiasing: 0
  SMAAQuality: 2
  dithering: 0
  stopNaNs: 0
  taaSharpenStrength: 0.6
  physicalParameters:
    m_Iso: 200
    m_ShutterSpeed: 0.005
    m_Aperture: 16
    m_BladeCount: 5
    m_Curvature: {x: 2, y: 11}
    m_BarrelClipping: 0.25
    m_Anamorphism: 0
  flipYMode: 0
  xrRendering: 1
  fullscreenPassthrough: 0
  allowDynamicResolution: 0
  customRenderingSettings: 0
  invertFaceCulling: 0
  probeLayerMask:
    serializedVersion: 2
    m_Bits: 4294967295
  hasPersistentHistory: 0
  m_RenderingPathCustomFrameSettings:
    bitDatas:
      data1: 70300024700749
      data2: 4539628425463136256
    lodBias: 1
    lodBiasMode: 0
    lodBiasQualityLevel: 0
    maximumLODLevel: 0
    maximumLODLevelMode: 0
    maximumLODLevelQualityLevel: 0
    materialQuality: 0
  renderingPathCustomFrameSettingsOverrideMask:
    mask:
      data1: 0
      data2: 0
  defaultFrameSettings: 0
--- !u!81 &3265100870545492252
AudioListener:
  m_ObjectHideFlags: 0
  m_CorrespondingSourceObject: {fileID: 0}
  m_PrefabInstance: {fileID: 0}
  m_PrefabAsset: {fileID: 0}
  m_GameObject: {fileID: 1022863085917893420}
  m_Enabled: 1
--- !u!1 &2969003169033818923
GameObject:
  m_ObjectHideFlags: 0
  m_CorrespondingSourceObject: {fileID: 0}
  m_PrefabInstance: {fileID: 0}
  m_PrefabAsset: {fileID: 0}
  serializedVersion: 6
  m_Component:
  - component: {fileID: 6613735591466978477}
  - component: {fileID: 6510654598851509997}
  - component: {fileID: 8241273155813364}
  m_Layer: 0
  m_Name: shoes03Mesh
  m_TagString: Untagged
  m_Icon: {fileID: 0}
  m_NavMeshLayer: 0
  m_StaticEditorFlags: 0
  m_IsActive: 1
--- !u!4 &6613735591466978477
Transform:
  m_ObjectHideFlags: 0
  m_CorrespondingSourceObject: {fileID: 0}
  m_PrefabInstance: {fileID: 0}
  m_PrefabAsset: {fileID: 0}
  m_GameObject: {fileID: 2969003169033818923}
  m_LocalRotation: {x: 0.7071068, y: 0, z: 0, w: 0.7071067}
  m_LocalPosition: {x: 0.050166246, y: -1.6579273, z: -8.618779}
  m_LocalScale: {x: 3.937008, y: 3.937008, z: 3.937008}
  m_Children: []
  m_Father: {fileID: 6438363175107186419}
  m_RootOrder: 8
  m_LocalEulerAnglesHint: {x: 0, y: 0, z: 0}
--- !u!33 &6510654598851509997
MeshFilter:
  m_ObjectHideFlags: 0
  m_CorrespondingSourceObject: {fileID: 0}
  m_PrefabInstance: {fileID: 0}
  m_PrefabAsset: {fileID: 0}
  m_GameObject: {fileID: 2969003169033818923}
  m_Mesh: {fileID: 8610701838714165572, guid: 2dd6149b438c4ba428ad54aa1bafc26d, type: 3}
--- !u!23 &8241273155813364
MeshRenderer:
  m_ObjectHideFlags: 0
  m_CorrespondingSourceObject: {fileID: 0}
  m_PrefabInstance: {fileID: 0}
  m_PrefabAsset: {fileID: 0}
  m_GameObject: {fileID: 2969003169033818923}
  m_Enabled: 1
  m_CastShadows: 1
  m_ReceiveShadows: 1
  m_DynamicOccludee: 1
  m_MotionVectors: 1
  m_LightProbeUsage: 1
  m_ReflectionProbeUsage: 1
  m_RayTracingMode: 2
  m_RayTraceProcedural: 0
  m_RenderingLayerMask: 1
  m_RendererPriority: 0
  m_Materials:
  - {fileID: 2100000, guid: 7d1d812dabba89b48a81523b643e0f70, type: 2}
  m_StaticBatchInfo:
    firstSubMesh: 0
    subMeshCount: 0
  m_StaticBatchRoot: {fileID: 0}
  m_ProbeAnchor: {fileID: 0}
  m_LightProbeVolumeOverride: {fileID: 0}
  m_ScaleInLightmap: 1
  m_ReceiveGI: 1
  m_PreserveUVs: 0
  m_IgnoreNormalsForChartDetection: 0
  m_ImportantGI: 0
  m_StitchLightmapSeams: 1
  m_SelectedEditorRenderState: 3
  m_MinimumChartSize: 4
  m_AutoUVMaxDistance: 0.5
  m_AutoUVMaxAngle: 89
  m_LightmapParameters: {fileID: 0}
  m_SortingLayerID: 0
  m_SortingLayer: 0
  m_SortingOrder: 0
  m_AdditionalVertexStreams: {fileID: 0}
--- !u!1 &3287840247424609815
GameObject:
  m_ObjectHideFlags: 0
  m_CorrespondingSourceObject: {fileID: 0}
  m_PrefabInstance: {fileID: 0}
  m_PrefabAsset: {fileID: 0}
  serializedVersion: 6
  m_Component:
  - component: {fileID: 1594055924146126564}
  - component: {fileID: 9067725165384226565}
  - component: {fileID: 6098856262725093403}
  - component: {fileID: 1821964566369419374}
  m_Layer: 0
  m_Name: HandCamera
  m_TagString: Untagged
  m_Icon: {fileID: 0}
  m_NavMeshLayer: 0
  m_StaticEditorFlags: 0
  m_IsActive: 0
--- !u!4 &1594055924146126564
Transform:
  m_ObjectHideFlags: 0
  m_CorrespondingSourceObject: {fileID: 0}
  m_PrefabInstance: {fileID: 0}
  m_PrefabAsset: {fileID: 0}
  m_GameObject: {fileID: 3287840247424609815}
  m_LocalRotation: {x: 0.32374436, y: 0.58256346, z: 0.6942721, w: -0.27165377}
  m_LocalPosition: {x: -2.9, y: -6.6, z: -0.1}
  m_LocalScale: {x: 1, y: 1, z: 1}
  m_Children: []
  m_Father: {fileID: 6438363175107186419}
  m_RootOrder: 2
  m_LocalEulerAnglesHint: {x: -100, y: 230, z: 0}
--- !u!20 &9067725165384226565
Camera:
  m_ObjectHideFlags: 0
  m_CorrespondingSourceObject: {fileID: 0}
  m_PrefabInstance: {fileID: 0}
  m_PrefabAsset: {fileID: 0}
  m_GameObject: {fileID: 3287840247424609815}
  m_Enabled: 1
  serializedVersion: 2
  m_ClearFlags: 1
  m_BackGroundColor: {r: 0.19215687, g: 0.3019608, b: 0.4745098, a: 0}
  m_projectionMatrixMode: 1
  m_GateFitMode: 2
  m_FOVAxisMode: 0
  m_SensorSize: {x: 36, y: 24}
  m_LensShift: {x: 0, y: 0}
  m_FocalLength: 50
  m_NormalizedViewPortRect:
    serializedVersion: 2
    x: 0
    y: 0
    width: 1
    height: 1
  near clip plane: 0.3
  far clip plane: 1000
  field of view: 60
  orthographic: 0
  orthographic size: 5
  m_Depth: 0
  m_CullingMask:
    serializedVersion: 2
    m_Bits: 4294967295
  m_RenderingPath: -1
  m_TargetTexture: {fileID: 0}
  m_TargetDisplay: 0
  m_TargetEye: 3
  m_HDR: 0
  m_AllowMSAA: 0
  m_AllowDynamicResolution: 0
  m_ForceIntoRT: 0
  m_OcclusionCulling: 1
  m_StereoConvergence: 10
  m_StereoSeparation: 0.022
--- !u!114 &6098856262725093403
MonoBehaviour:
  m_ObjectHideFlags: 0
  m_CorrespondingSourceObject: {fileID: 0}
  m_PrefabInstance: {fileID: 0}
  m_PrefabAsset: {fileID: 0}
  m_GameObject: {fileID: 3287840247424609815}
  m_Enabled: 1
  m_EditorHideFlags: 0
  m_Script: {fileID: 11500000, guid: 23c1ce4fb46143f46bc5cb5224c934f6, type: 3}
  m_Name: 
  m_EditorClassIdentifier: 
  m_Version: 7
  m_ObsoleteRenderingPath: 0
  m_ObsoleteFrameSettings:
    overrides: 0
    enableShadow: 0
    enableContactShadows: 0
    enableShadowMask: 0
    enableSSR: 0
    enableSSAO: 0
    enableSubsurfaceScattering: 0
    enableTransmission: 0
    enableAtmosphericScattering: 0
    enableVolumetrics: 0
    enableReprojectionForVolumetrics: 0
    enableLightLayers: 0
    enableExposureControl: 1
    diffuseGlobalDimmer: 0
    specularGlobalDimmer: 0
    shaderLitMode: 0
    enableDepthPrepassWithDeferredRendering: 0
    enableTransparentPrepass: 0
    enableMotionVectors: 0
    enableObjectMotionVectors: 0
    enableDecals: 0
    enableRoughRefraction: 0
    enableTransparentPostpass: 0
    enableDistortion: 0
    enablePostprocess: 0
    enableOpaqueObjects: 0
    enableTransparentObjects: 0
    enableRealtimePlanarReflection: 0
    enableMSAA: 0
    enableAsyncCompute: 0
    runLightListAsync: 0
    runSSRAsync: 0
    runSSAOAsync: 0
    runContactShadowsAsync: 0
    runVolumeVoxelizationAsync: 0
    lightLoopSettings:
      overrides: 0
      enableDeferredTileAndCluster: 0
      enableComputeLightEvaluation: 0
      enableComputeLightVariants: 0
      enableComputeMaterialVariants: 0
      enableFptlForForwardOpaque: 0
      enableBigTilePrepass: 0
      isFptlEnabled: 0
  clearColorMode: 0
  backgroundColorHDR: {r: 0.025, g: 0.07, b: 0.19, a: 0}
  clearDepth: 1
  volumeLayerMask:
    serializedVersion: 2
    m_Bits: 1
  volumeAnchorOverride: {fileID: 0}
  antialiasing: 0
  SMAAQuality: 2
  dithering: 0
  stopNaNs: 0
  taaSharpenStrength: 0.6
  physicalParameters:
    m_Iso: 200
    m_ShutterSpeed: 0.005
    m_Aperture: 16
    m_BladeCount: 5
    m_Curvature: {x: 2, y: 11}
    m_BarrelClipping: 0.25
    m_Anamorphism: 0
  flipYMode: 0
  xrRendering: 1
  fullscreenPassthrough: 0
  allowDynamicResolution: 0
  customRenderingSettings: 0
  invertFaceCulling: 0
  probeLayerMask:
    serializedVersion: 2
    m_Bits: 4294967295
  hasPersistentHistory: 0
  m_RenderingPathCustomFrameSettings:
    bitDatas:
      data1: 70300024700749
      data2: 4539628425463136256
    lodBias: 1
    lodBiasMode: 0
    lodBiasQualityLevel: 0
    maximumLODLevel: 0
    maximumLODLevelMode: 0
    maximumLODLevelQualityLevel: 0
    materialQuality: 0
  renderingPathCustomFrameSettingsOverrideMask:
    mask:
      data1: 0
      data2: 0
  defaultFrameSettings: 0
--- !u!81 &1821964566369419374
AudioListener:
  m_ObjectHideFlags: 0
  m_CorrespondingSourceObject: {fileID: 0}
  m_PrefabInstance: {fileID: 0}
  m_PrefabAsset: {fileID: 0}
  m_GameObject: {fileID: 3287840247424609815}
  m_Enabled: 1
--- !u!1 &4160042894381290432
GameObject:
  m_ObjectHideFlags: 0
  m_CorrespondingSourceObject: {fileID: 0}
  m_PrefabInstance: {fileID: 0}
  m_PrefabAsset: {fileID: 0}
  serializedVersion: 6
  m_Component:
  - component: {fileID: 4352445578569614863}
  - component: {fileID: 7522017162891667648}
  - component: {fileID: 261593376318987134}
  m_Layer: 0
  m_Name: short04Mesh
  m_TagString: Untagged
  m_Icon: {fileID: 0}
  m_NavMeshLayer: 0
  m_StaticEditorFlags: 0
  m_IsActive: 1
--- !u!4 &4352445578569614863
Transform:
  m_ObjectHideFlags: 0
  m_CorrespondingSourceObject: {fileID: 0}
  m_PrefabInstance: {fileID: 0}
  m_PrefabAsset: {fileID: 0}
  m_GameObject: {fileID: 4160042894381290432}
  m_LocalRotation: {x: 0.7071068, y: 0, z: 0, w: 0.7071067}
  m_LocalPosition: {x: 0.050166246, y: -1.6579273, z: -8.618779}
  m_LocalScale: {x: 3.937008, y: 3.937008, z: 3.937008}
  m_Children: []
  m_Father: {fileID: 6438363175107186419}
  m_RootOrder: 9
  m_LocalEulerAnglesHint: {x: 0, y: 0, z: 0}
--- !u!33 &7522017162891667648
MeshFilter:
  m_ObjectHideFlags: 0
  m_CorrespondingSourceObject: {fileID: 0}
  m_PrefabInstance: {fileID: 0}
  m_PrefabAsset: {fileID: 0}
  m_GameObject: {fileID: 4160042894381290432}
  m_Mesh: {fileID: 2386038787158734004, guid: 2dd6149b438c4ba428ad54aa1bafc26d, type: 3}
--- !u!23 &261593376318987134
MeshRenderer:
  m_ObjectHideFlags: 0
  m_CorrespondingSourceObject: {fileID: 0}
  m_PrefabInstance: {fileID: 0}
  m_PrefabAsset: {fileID: 0}
  m_GameObject: {fileID: 4160042894381290432}
  m_Enabled: 1
  m_CastShadows: 1
  m_ReceiveShadows: 1
  m_DynamicOccludee: 1
  m_MotionVectors: 1
  m_LightProbeUsage: 1
  m_ReflectionProbeUsage: 1
  m_RayTracingMode: 2
  m_RayTraceProcedural: 0
  m_RenderingLayerMask: 1
  m_RendererPriority: 0
  m_Materials:
  - {fileID: 2100000, guid: 381120f44201f324c8c280c0848cd62a, type: 2}
  m_StaticBatchInfo:
    firstSubMesh: 0
    subMeshCount: 0
  m_StaticBatchRoot: {fileID: 0}
  m_ProbeAnchor: {fileID: 0}
  m_LightProbeVolumeOverride: {fileID: 0}
  m_ScaleInLightmap: 1
  m_ReceiveGI: 1
  m_PreserveUVs: 0
  m_IgnoreNormalsForChartDetection: 0
  m_ImportantGI: 0
  m_StitchLightmapSeams: 1
  m_SelectedEditorRenderState: 3
  m_MinimumChartSize: 4
  m_AutoUVMaxDistance: 0.5
  m_AutoUVMaxAngle: 89
  m_LightmapParameters: {fileID: 0}
  m_SortingLayerID: 0
  m_SortingLayer: 0
  m_SortingOrder: 0
  m_AdditionalVertexStreams: {fileID: 0}
--- !u!1 &5913922983315379273
GameObject:
  m_ObjectHideFlags: 0
  m_CorrespondingSourceObject: {fileID: 0}
  m_PrefabInstance: {fileID: 0}
  m_PrefabAsset: {fileID: 0}
  serializedVersion: 6
  m_Component:
  - component: {fileID: 6438363175107186419}
  - component: {fileID: 1344332044}
  - component: {fileID: 1344332045}
  m_Layer: 0
  m_Name: malecharacter Variant
  m_TagString: Patient
  m_Icon: {fileID: 0}
  m_NavMeshLayer: 0
  m_StaticEditorFlags: 0
  m_IsActive: 1
--- !u!4 &6438363175107186419
Transform:
  m_ObjectHideFlags: 0
  m_CorrespondingSourceObject: {fileID: 0}
  m_PrefabInstance: {fileID: 0}
  m_PrefabAsset: {fileID: 0}
  m_GameObject: {fileID: 5913922983315379273}
  m_LocalRotation: {x: 0, y: 0, z: 1, w: 0}
  m_LocalPosition: {x: 18.07, y: 1.6209846, z: 4.58}
  m_LocalScale: {x: 0.4345248, y: 0.4345248, z: 0.4345248}
  m_Children:
  - {fileID: 5369978993558695779}
  - {fileID: 5609271006478298794}
  - {fileID: 1594055924146126564}
  - {fileID: 6432051291533193702}
  - {fileID: 2821854159042073397}
  - {fileID: 2426253456849076702}
  - {fileID: 4839809052193538841}
  - {fileID: 8463641431805723877}
  - {fileID: 6613735591466978477}
  - {fileID: 4352445578569614863}
  m_Father: {fileID: 0}
  m_RootOrder: 0
  m_LocalEulerAnglesHint: {x: 0, y: 0, z: 180}
--- !u!65 &1344332044
BoxCollider:
  m_ObjectHideFlags: 0
  m_CorrespondingSourceObject: {fileID: 0}
  m_PrefabInstance: {fileID: 0}
  m_PrefabAsset: {fileID: 0}
  m_GameObject: {fileID: 5913922983315379273}
  m_Material: {fileID: 0}
  m_IsTrigger: 0
  m_Enabled: 1
  serializedVersion: 2
  m_Size: {x: 8.1559515, y: 9.782895, z: 19.309433}
  m_Center: {x: -0.075399876, y: -4.3914466, z: -0.08999884}
--- !u!114 &1344332045
MonoBehaviour:
  m_ObjectHideFlags: 0
  m_CorrespondingSourceObject: {fileID: 0}
  m_PrefabInstance: {fileID: 0}
  m_PrefabAsset: {fileID: 0}
  m_GameObject: {fileID: 5913922983315379273}
  m_Enabled: 1
  m_EditorHideFlags: 0
  m_Script: {fileID: 11500000, guid: 12c2c844698cae04685c445203af0aa1, type: 3}
  m_Name: 
  m_EditorClassIdentifier: 
  patientInfo: {fileID: 11400000, guid: 7d472bc858a728547b2a07776fcd83bc, type: 2}
--- !u!1 &6868855225198667282
GameObject:
  m_ObjectHideFlags: 0
  m_CorrespondingSourceObject: {fileID: 0}
  m_PrefabInstance: {fileID: 0}
  m_PrefabAsset: {fileID: 0}
  serializedVersion: 6
  m_Component:
  - component: {fileID: 6432051291533193702}
  - component: {fileID: 9178923176225886711}
  - component: {fileID: 7740667104467857842}
  - component: {fileID: 1811807649324691179}
  m_Layer: 0
  m_Name: LegCamera
  m_TagString: Untagged
  m_Icon: {fileID: 0}
  m_NavMeshLayer: 0
  m_StaticEditorFlags: 0
  m_IsActive: 0
--- !u!4 &6432051291533193702
Transform:
  m_ObjectHideFlags: 0
  m_CorrespondingSourceObject: {fileID: 0}
  m_PrefabInstance: {fileID: 0}
  m_PrefabAsset: {fileID: 0}
  m_GameObject: {fileID: 6868855225198667282}
  m_LocalRotation: {x: 0.5317328, y: 0.46611187, z: 0.5317328, w: -0.46611187}
  m_LocalPosition: {x: -2.3, y: -5.95, z: -5.74}
  m_LocalScale: {x: 2.3013644, y: 2.3013644, z: 2.3013644}
  m_Children: []
  m_Father: {fileID: 6438363175107186419}
  m_RootOrder: 3
  m_LocalEulerAnglesHint: {x: -82.475, y: 90, z: 180}
--- !u!20 &9178923176225886711
Camera:
  m_ObjectHideFlags: 0
  m_CorrespondingSourceObject: {fileID: 0}
  m_PrefabInstance: {fileID: 0}
  m_PrefabAsset: {fileID: 0}
  m_GameObject: {fileID: 6868855225198667282}
  m_Enabled: 1
  serializedVersion: 2
  m_ClearFlags: 1
  m_BackGroundColor: {r: 0.19215687, g: 0.3019608, b: 0.4745098, a: 0}
  m_projectionMatrixMode: 1
  m_GateFitMode: 2
  m_FOVAxisMode: 0
  m_SensorSize: {x: 36, y: 24}
  m_LensShift: {x: 0, y: 0}
  m_FocalLength: 50
  m_NormalizedViewPortRect:
    serializedVersion: 2
    x: 0
    y: 0
    width: 1
    height: 1
  near clip plane: 0.3
  far clip plane: 1000
  field of view: 60
  orthographic: 0
  orthographic size: 5
  m_Depth: 0
  m_CullingMask:
    serializedVersion: 2
    m_Bits: 4294967295
  m_RenderingPath: -1
  m_TargetTexture: {fileID: 0}
  m_TargetDisplay: 0
  m_TargetEye: 3
  m_HDR: 0
  m_AllowMSAA: 0
  m_AllowDynamicResolution: 0
  m_ForceIntoRT: 0
  m_OcclusionCulling: 1
  m_StereoConvergence: 10
  m_StereoSeparation: 0.022
--- !u!81 &7740667104467857842
AudioListener:
  m_ObjectHideFlags: 0
  m_CorrespondingSourceObject: {fileID: 0}
  m_PrefabInstance: {fileID: 0}
  m_PrefabAsset: {fileID: 0}
  m_GameObject: {fileID: 6868855225198667282}
  m_Enabled: 1
--- !u!114 &1811807649324691179
MonoBehaviour:
  m_ObjectHideFlags: 0
  m_CorrespondingSourceObject: {fileID: 0}
  m_PrefabInstance: {fileID: 0}
  m_PrefabAsset: {fileID: 0}
  m_GameObject: {fileID: 6868855225198667282}
  m_Enabled: 1
  m_EditorHideFlags: 0
  m_Script: {fileID: 11500000, guid: 23c1ce4fb46143f46bc5cb5224c934f6, type: 3}
  m_Name: 
  m_EditorClassIdentifier: 
  m_Version: 7
  m_ObsoleteRenderingPath: 0
  m_ObsoleteFrameSettings:
    overrides: 0
    enableShadow: 0
    enableContactShadows: 0
    enableShadowMask: 0
    enableSSR: 0
    enableSSAO: 0
    enableSubsurfaceScattering: 0
    enableTransmission: 0
    enableAtmosphericScattering: 0
    enableVolumetrics: 0
    enableReprojectionForVolumetrics: 0
    enableLightLayers: 0
    enableExposureControl: 1
    diffuseGlobalDimmer: 0
    specularGlobalDimmer: 0
    shaderLitMode: 0
    enableDepthPrepassWithDeferredRendering: 0
    enableTransparentPrepass: 0
    enableMotionVectors: 0
    enableObjectMotionVectors: 0
    enableDecals: 0
    enableRoughRefraction: 0
    enableTransparentPostpass: 0
    enableDistortion: 0
    enablePostprocess: 0
    enableOpaqueObjects: 0
    enableTransparentObjects: 0
    enableRealtimePlanarReflection: 0
    enableMSAA: 0
    enableAsyncCompute: 0
    runLightListAsync: 0
    runSSRAsync: 0
    runSSAOAsync: 0
    runContactShadowsAsync: 0
    runVolumeVoxelizationAsync: 0
    lightLoopSettings:
      overrides: 0
      enableDeferredTileAndCluster: 0
      enableComputeLightEvaluation: 0
      enableComputeLightVariants: 0
      enableComputeMaterialVariants: 0
      enableFptlForForwardOpaque: 0
      enableBigTilePrepass: 0
      isFptlEnabled: 0
  clearColorMode: 0
  backgroundColorHDR: {r: 0.025, g: 0.07, b: 0.19, a: 0}
  clearDepth: 1
  volumeLayerMask:
    serializedVersion: 2
    m_Bits: 1
  volumeAnchorOverride: {fileID: 0}
  antialiasing: 0
  SMAAQuality: 2
  dithering: 0
  stopNaNs: 0
  taaSharpenStrength: 0.6
  physicalParameters:
    m_Iso: 200
    m_ShutterSpeed: 0.005
    m_Aperture: 16
    m_BladeCount: 5
    m_Curvature: {x: 2, y: 11}
    m_BarrelClipping: 0.25
    m_Anamorphism: 0
  flipYMode: 0
  xrRendering: 1
  fullscreenPassthrough: 0
  allowDynamicResolution: 0
  customRenderingSettings: 0
  invertFaceCulling: 0
  probeLayerMask:
    serializedVersion: 2
    m_Bits: 4294967295
  hasPersistentHistory: 0
  m_RenderingPathCustomFrameSettings:
    bitDatas:
      data1: 70300024700749
      data2: 4539628425463136256
    lodBias: 1
    lodBiasMode: 0
    lodBiasQualityLevel: 0
    maximumLODLevel: 0
    maximumLODLevelMode: 0
    maximumLODLevelQualityLevel: 0
    materialQuality: 0
  renderingPathCustomFrameSettingsOverrideMask:
    mask:
      data1: 0
      data2: 0
  defaultFrameSettings: 0
--- !u!1 &7260403374697037511
GameObject:
  m_ObjectHideFlags: 0
  m_CorrespondingSourceObject: {fileID: 0}
  m_PrefabInstance: {fileID: 0}
  m_PrefabAsset: {fileID: 0}
  serializedVersion: 6
  m_Component:
  - component: {fileID: 5369978993558695779}
  - component: {fileID: 1100254191322718066}
  - component: {fileID: 4242814855949344448}
  - component: {fileID: 6752834691952951778}
  m_Layer: 0
  m_Name: Camera
  m_TagString: Untagged
  m_Icon: {fileID: 0}
  m_NavMeshLayer: 0
  m_StaticEditorFlags: 0
  m_IsActive: 0
--- !u!4 &5369978993558695779
Transform:
  m_ObjectHideFlags: 0
  m_CorrespondingSourceObject: {fileID: 0}
  m_PrefabInstance: {fileID: 0}
  m_PrefabAsset: {fileID: 0}
  m_GameObject: {fileID: 7260403374697037511}
  m_LocalRotation: {x: 0, y: 0.7071068, z: 0.7071068, w: 0}
  m_LocalPosition: {x: 1.3, y: -18.8, z: 0}
  m_LocalScale: {x: 1, y: 1, z: 1}
  m_Children: []
  m_Father: {fileID: 6438363175107186419}
  m_RootOrder: 0
  m_LocalEulerAnglesHint: {x: -90, y: 180, z: 0}
--- !u!20 &1100254191322718066
Camera:
  m_ObjectHideFlags: 0
  m_CorrespondingSourceObject: {fileID: 0}
  m_PrefabInstance: {fileID: 0}
  m_PrefabAsset: {fileID: 0}
  m_GameObject: {fileID: 7260403374697037511}
  m_Enabled: 1
  serializedVersion: 2
  m_ClearFlags: 1
  m_BackGroundColor: {r: 0.19215687, g: 0.3019608, b: 0.4745098, a: 0}
  m_projectionMatrixMode: 1
  m_GateFitMode: 2
  m_FOVAxisMode: 0
  m_SensorSize: {x: 36, y: 24}
  m_LensShift: {x: 0, y: 0}
  m_FocalLength: 50
  m_NormalizedViewPortRect:
    serializedVersion: 2
    x: 0
    y: 0
    width: 1
    height: 1
  near clip plane: 0.3
  far clip plane: 1000
  field of view: 60
  orthographic: 0
  orthographic size: 5
  m_Depth: 0
  m_CullingMask:
    serializedVersion: 2
    m_Bits: 4294967295
  m_RenderingPath: -1
  m_TargetTexture: {fileID: 0}
  m_TargetDisplay: 0
  m_TargetEye: 3
  m_HDR: 0
  m_AllowMSAA: 0
  m_AllowDynamicResolution: 0
  m_ForceIntoRT: 0
  m_OcclusionCulling: 1
  m_StereoConvergence: 10
  m_StereoSeparation: 0.022
--- !u!114 &4242814855949344448
MonoBehaviour:
  m_ObjectHideFlags: 0
  m_CorrespondingSourceObject: {fileID: 0}
  m_PrefabInstance: {fileID: 0}
  m_PrefabAsset: {fileID: 0}
  m_GameObject: {fileID: 7260403374697037511}
  m_Enabled: 1
  m_EditorHideFlags: 0
  m_Script: {fileID: 11500000, guid: 23c1ce4fb46143f46bc5cb5224c934f6, type: 3}
  m_Name: 
  m_EditorClassIdentifier: 
  m_Version: 7
  m_ObsoleteRenderingPath: 0
  m_ObsoleteFrameSettings:
    overrides: 0
    enableShadow: 0
    enableContactShadows: 0
    enableShadowMask: 0
    enableSSR: 0
    enableSSAO: 0
    enableSubsurfaceScattering: 0
    enableTransmission: 0
    enableAtmosphericScattering: 0
    enableVolumetrics: 0
    enableReprojectionForVolumetrics: 0
    enableLightLayers: 0
    enableExposureControl: 1
    diffuseGlobalDimmer: 0
    specularGlobalDimmer: 0
    shaderLitMode: 0
    enableDepthPrepassWithDeferredRendering: 0
    enableTransparentPrepass: 0
    enableMotionVectors: 0
    enableObjectMotionVectors: 0
    enableDecals: 0
    enableRoughRefraction: 0
    enableTransparentPostpass: 0
    enableDistortion: 0
    enablePostprocess: 0
    enableOpaqueObjects: 0
    enableTransparentObjects: 0
    enableRealtimePlanarReflection: 0
    enableMSAA: 0
    enableAsyncCompute: 0
    runLightListAsync: 0
    runSSRAsync: 0
    runSSAOAsync: 0
    runContactShadowsAsync: 0
    runVolumeVoxelizationAsync: 0
    lightLoopSettings:
      overrides: 0
      enableDeferredTileAndCluster: 0
      enableComputeLightEvaluation: 0
      enableComputeLightVariants: 0
      enableComputeMaterialVariants: 0
      enableFptlForForwardOpaque: 0
      enableBigTilePrepass: 0
      isFptlEnabled: 0
  clearColorMode: 0
  backgroundColorHDR: {r: 0.025, g: 0.07, b: 0.19, a: 0}
  clearDepth: 1
  volumeLayerMask:
    serializedVersion: 2
    m_Bits: 1
  volumeAnchorOverride: {fileID: 0}
  antialiasing: 0
  SMAAQuality: 2
  dithering: 0
  stopNaNs: 0
  taaSharpenStrength: 0.6
  physicalParameters:
    m_Iso: 200
    m_ShutterSpeed: 0.005
    m_Aperture: 16
    m_BladeCount: 5
    m_Curvature: {x: 2, y: 11}
    m_BarrelClipping: 0.25
    m_Anamorphism: 0
  flipYMode: 0
  xrRendering: 1
  fullscreenPassthrough: 0
  allowDynamicResolution: 0
  customRenderingSettings: 0
  invertFaceCulling: 0
  probeLayerMask:
    serializedVersion: 2
    m_Bits: 4294967295
  hasPersistentHistory: 0
  m_RenderingPathCustomFrameSettings:
    bitDatas:
      data1: 70300024700749
      data2: 4539628425463136256
    lodBias: 1
    lodBiasMode: 0
    lodBiasQualityLevel: 0
    maximumLODLevel: 0
    maximumLODLevelMode: 0
    maximumLODLevelQualityLevel: 0
    materialQuality: 0
  renderingPathCustomFrameSettingsOverrideMask:
    mask:
      data1: 0
      data2: 0
  defaultFrameSettings: 0
--- !u!81 &6752834691952951778
AudioListener:
  m_ObjectHideFlags: 0
  m_CorrespondingSourceObject: {fileID: 0}
  m_PrefabInstance: {fileID: 0}
  m_PrefabAsset: {fileID: 0}
  m_GameObject: {fileID: 7260403374697037511}
  m_Enabled: 1
--- !u!1 &7743932216823162450
GameObject:
  m_ObjectHideFlags: 0
  m_CorrespondingSourceObject: {fileID: 0}
  m_PrefabInstance: {fileID: 0}
  m_PrefabAsset: {fileID: 0}
  serializedVersion: 6
  m_Component:
  - component: {fileID: 2426253456849076702}
  - component: {fileID: 901129897301401898}
  - component: {fileID: 5123227145332212915}
  m_Layer: 0
  m_Name: eyebrow011Mesh
  m_TagString: Untagged
  m_Icon: {fileID: 0}
  m_NavMeshLayer: 0
  m_StaticEditorFlags: 0
  m_IsActive: 1
--- !u!4 &2426253456849076702
Transform:
  m_ObjectHideFlags: 0
  m_CorrespondingSourceObject: {fileID: 0}
  m_PrefabInstance: {fileID: 0}
  m_PrefabAsset: {fileID: 0}
  m_GameObject: {fileID: 7743932216823162450}
  m_LocalRotation: {x: 0.7071068, y: 0, z: 0, w: 0.7071067}
  m_LocalPosition: {x: 0.050166246, y: -1.6579273, z: -8.618779}
  m_LocalScale: {x: 3.937008, y: 3.937008, z: 3.937008}
  m_Children: []
  m_Father: {fileID: 6438363175107186419}
  m_RootOrder: 5
  m_LocalEulerAnglesHint: {x: 0, y: 0, z: 0}
--- !u!33 &901129897301401898
MeshFilter:
  m_ObjectHideFlags: 0
  m_CorrespondingSourceObject: {fileID: 0}
  m_PrefabInstance: {fileID: 0}
  m_PrefabAsset: {fileID: 0}
  m_GameObject: {fileID: 7743932216823162450}
  m_Mesh: {fileID: 3911706475864583441, guid: 2dd6149b438c4ba428ad54aa1bafc26d, type: 3}
--- !u!23 &5123227145332212915
MeshRenderer:
  m_ObjectHideFlags: 0
  m_CorrespondingSourceObject: {fileID: 0}
  m_PrefabInstance: {fileID: 0}
  m_PrefabAsset: {fileID: 0}
  m_GameObject: {fileID: 7743932216823162450}
  m_Enabled: 1
  m_CastShadows: 1
  m_ReceiveShadows: 1
  m_DynamicOccludee: 1
  m_MotionVectors: 1
  m_LightProbeUsage: 1
  m_ReflectionProbeUsage: 1
  m_RayTracingMode: 2
  m_RayTraceProcedural: 0
  m_RenderingLayerMask: 1
  m_RendererPriority: 0
  m_Materials:
  - {fileID: 2100000, guid: 68305ea9d7503ec48ba988e65436d01d, type: 2}
  m_StaticBatchInfo:
    firstSubMesh: 0
    subMeshCount: 0
  m_StaticBatchRoot: {fileID: 0}
  m_ProbeAnchor: {fileID: 0}
  m_LightProbeVolumeOverride: {fileID: 0}
  m_ScaleInLightmap: 1
  m_ReceiveGI: 1
  m_PreserveUVs: 0
  m_IgnoreNormalsForChartDetection: 0
  m_ImportantGI: 0
  m_StitchLightmapSeams: 1
  m_SelectedEditorRenderState: 3
  m_MinimumChartSize: 4
  m_AutoUVMaxDistance: 0.5
  m_AutoUVMaxAngle: 89
  m_LightmapParameters: {fileID: 0}
  m_SortingLayerID: 0
  m_SortingLayer: 0
  m_SortingOrder: 0
  m_AdditionalVertexStreams: {fileID: 0}
